@article{BM25,
 author = {Robertson, Stephen and Zaragoza, Hugo},
 title = {The Probabilistic Relevance Framework: BM25 and Beyond},
 journal = {Foundations and Trends{\textregistered} in Information Retrieval},
 issue_date = {March 2009},
 volume = {3},
 number = {4},
 month = mar,
 year = {2009},
 issn = {1554-0669},
 pages = {333--389},
 numpages = {57},
 publisher = {Now Publishers Inc.},
 address = {Hanover, MA, USA},
}

@article{limitations,
  title={Language models as knowledge bases: On entity representations, storage capacity, and paraphrased queries},
  author={Heinzerling, Benjamin and Inui, Kentaro},
  journal={arXiv preprint arXiv:2008.09036},
  year={2020}
}

@book{balog2018entity,
  title={Entity-oriented search},
  author={Balog, Krisztian},
  year={2018},
  publisher={Springer Nature}
}

@inproceedings{tran2022dense,
  title={Dense Retrieval with Entity Views},
  author={Tran, Hai Dang and Yates, Andrew},
  booktitle={Proceedings of the 31st ACM International Conference on Information \& Knowledge Management},
  pages={1955--1964},
  year={2022}
}


@article{bert,
  title={Bert: Pre-training of deep bidirectional transformers for language understanding},
  author={Devlin, Jacob and Chang, Ming-Wei and Lee, Kenton and Toutanova, Kristina},
  journal={arXiv preprint arXiv:1810.04805},
  year={2018}
}

@inproceedings{xu2009query,
  title={Query dependent pseudo-relevance feedback based on wikipedia},
  author={Xu, Yang and Jones, Gareth JF and Wang, Bin},
  booktitle={Proceedings of the 32nd international ACM SIGIR conference on Research and development in information retrieval},
  pages={59--66},
  year={2009}
}

@inproceedings{dalton2014entity,
  title={Entity query feature expansion using knowledge base links},
  author={Dalton, Jeffrey and Dietz, Laura and Allan, James},
  booktitle={Proceedings of the 37th international ACM SIGIR conference on Research \& development in information retrieval},
  pages={365--374},
  year={2014}
}

@inproceedings{xiong2017word,
  title={Word-entity duet representations for document ranking},
  author={Xiong, Chenyan and Callan, Jamie and Liu, Tie-Yan},
  booktitle={Proceedings of the 40th International ACM SIGIR conference on research and development in information retrieval},
  pages={763--772},
  year={2017}
}

@inproceedings{xiong2017word_2,
  title={Explicit semantic ranking for academic search via knowledge graph embedding},
  author={Xiong, Chenyan and Power, Russell and Callan, Jamie},
  booktitle={Proceedings of the 26th international conference on world wide web},
  pages={1271--1279},
  year={2017}
}

@article{ernie,
  title={Ernie: Enhanced representation through knowledge integration},
  author={Sun, Yu and Wang, Shuohuan and Li, Yukun and Feng, Shikun and Chen, Xuyi and Zhang, Han and Tian, Xin and Zhu, Danxiang and Tian, Hao and Wu, Hua},
  journal={arXiv preprint arXiv:1904.09223},
  year={2019}
}

@inproceedings{tasbert,
  title={Efficiently teaching an effective dense retriever with balanced topic aware sampling},
  author={Hofst{\"a}tter, Sebastian and Lin, Sheng-Chieh and Yang, Jheng-Hong and Lin, Jimmy and Hanbury, Allan},
  booktitle={Proceedings of the 44th International ACM SIGIR Conference on Research and Development in Information Retrieval},
  pages={113--122},
  year={2021}
}

@article{sanh2019distilbert,
  title={DistilBERT, a distilled version of BERT: smaller, faster, cheaper and lighter},
  author={Sanh, Victor and Debut, Lysandre and Chaumond, Julien and Wolf, Thomas},
  journal={arXiv preprint arXiv:1910.01108},
  year={2019}
}

@inproceedings{xiong2017end,
  title={End-to-end neural ad-hoc ranking with kernel pooling},
  author={Xiong, Chenyan and Dai, Zhuyun and Callan, Jamie and Liu, Zhiyuan and Power, Russell},
  booktitle={Proceedings of the 40th International ACM SIGIR conference on research and development in information retrieval},
  pages={55--64},
  year={2017}
}

@article{yamada2018wikipedia2vec,
  title={Wikipedia2Vec: An efficient toolkit for learning and visualizing the embeddings of words and entities from Wikipedia},
  author={Yamada, Ikuya and Asai, Akari and Sakuma, Jin and Shindo, Hiroyuki and Takeda, Hideaki and Takefuji, Yoshiyasu and Matsumoto, Yuji},
  journal={arXiv preprint arXiv:1812.06280},
  year={2018}
}

@inproceedings{ceccarelli2013dexter,
  title={Dexter: an open source framework for entity linking},
  author={Ceccarelli, Diego and Lucchese, Claudio and Orlando, Salvatore and Perego, Raffaele and Trani, Salvatore},
  booktitle={Proceedings of the sixth international workshop on Exploiting semantic annotations in information retrieval},
  pages={17--20},
  year={2013}
}

@article{mikolov2013distributed,
  title={Distributed representations of words and phrases and their compositionality},
  author={Mikolov, Tomas and Sutskever, Ilya and Chen, Kai and Corrado, Greg and Dean, Jeff},
  journal={Advances in neural information processing systems},
  volume={26},
  pages={3111--3119},
  year={2013}
}

@article{abadi2016tensorflow,
  title={Tensorflow: Large-scale machine learning on heterogeneous distributed systems},
  author={Abadi, Mart{\'\i}n and Agarwal, Ashish and Barham, Paul and Brevdo, Eugene and Chen, Zhifeng and Citro, Craig and Corrado, Greg S and Davis, Andy and Dean, Jeffrey and Devin, Matthieu and others},
  journal={arXiv preprint arXiv:1603.04467},
  year={2016}
}

@article{nguyen2016ms,
  title={MS MARCO: A human generated machine reading comprehension dataset},
  author={Nguyen, Tri and Rosenberg, Mir and Song, Xia and Gao, Jianfeng and Tiwary, Saurabh and Majumder, Rangan and Deng, Li},
  journal={choice},
  volume={2640},
  pages={660},
  year={2016}
}

@inproceedings{trec_dl_2019,
  title={Overview of the TREC 2019 Deep Learning Track},
  author={MacAvaney, Sean and Yates, Andrew and Feldman, Sergey and Guo, Wei and Hua, Yixing and Kenter, Tom and Nanni, Federico and Mitra, Bhaskar and Rekabsaz, Navid and Zamani, Hamed},
  booktitle={Proceedings of The 28th Text REtrieval Conference (TREC 2019)},
  year={2019}
}

@inproceedings{trec_dl_2020,
  title={Overview of the TREC 2020 Deep Learning Track},
  author={MacAvaney, Sean and Yates, Andrew and Feldman, Sergey and Guo, Wei and Hua, Yixing and Kenter, Tom and Mitra, Bhaskar and Nanni, Federico and Rekabsaz, Navid and Zamani, Hamed},
  booktitle={Proceedings of The 29th Text REtrieval Conference (TREC 2020)},
  year={2020}
}

@inproceedings{dl_hard,
  title={Overview of the TREC 2020 Deep Learning for Hard Information Retrieval (DLHARD) Track},
  author={Yates, Andrew and MacAvaney, Sean and Mitra, Bhaskar and Rekabsaz, Navid and Zamani, Hamed and Li, Chenyan and Xu, Xiang and Dai, Zhuyun and Pal, Saptarshi and Fang, Hui and others},
  booktitle={Proceedings of The 29th Text REtrieval Conference (TREC 2020)},
  year={2020}
}

@article{xiong2020approximate,
  title={Approximate nearest neighbor negative contrastive learning for dense text retrieval},
  author={Xiong, Lee and Xiong, Chenyan and Li, Ye and Tang, Kwok-Fung and Liu, Jialin and Bennett, Paul and Ahmed, Junaid and Overwijk, Arnold},
  journal={arXiv preprint arXiv:2007.00808},
  year={2020}
}

@article{nogueira2020document,
  title={Document ranking with a pretrained sequence-to-sequence model},
  author={Nogueira, Rodrigo and Jiang, Zhiying and Lin, Jimmy},
  journal={arXiv preprint arXiv:2003.06713},
  year={2020}
}

@inproceedings{sun2020ernie,
  title={Ernie 2.0: A continual pre-training framework for language understanding},
  author={Sun, Yu and Wang, Shuohuan and Li, Yukun and Feng, Shikun and Tian, Hao and Wu, Hua and Wang, Haifeng},
  booktitle={Proceedings of the AAAI conference on artificial intelligence},
  volume={34},
  number={05},
  pages={8968--8975},
  year={2020}
}

@inproceedings{gerritse2022entity,
  title={Entity-aware transformers for entity search},
  author={Gerritse, Emma J and Hasibi, Faegheh and de Vries, Arjen P},
  booktitle={Proceedings of the 45th International ACM SIGIR Conference on Research and Development in Information Retrieval},
  pages={1455--1465},
  year={2022}
}

@inproceedings{kamphuis2023mmead,
  title={MMEAD: MS MARCO Entity Annotations and Disambiguations},
  author={Kamphuis, Chris and Lin, Aileen and Yang, Siwen and Lin, Jimmy and de Vries, Arjen P and Hasibi, Faegheh},
  booktitle={Proceedings of the 46th International ACM SIGIR Conference on Research and Development in Information Retrieval},
  pages={2817--2825},
  year={2023}
}

@article{lee2020biobert,
  title={BioBERT: a pre-trained biomedical language representation model for biomedical text mining},
  author={Lee, Jinhyuk and Yoon, Wonjin and Kim, Sungdong and Kim, Donghyeon and Kim, Sunkyu and So, Chan Ho and Kang, Jaewoo},
  journal={Bioinformatics},
  volume={36},
  number={4},
  pages={1234--1240},
  year={2020},
  publisher={Oxford University Press}
}

@inproceedings{gabin2023keyword,
  title={Keyword Embeddings for Query Suggestion},
  author={Gab{\'\i}n, Jorge and Ares, M Eduardo and Parapar, Javier},
  booktitle={European Conference on Information Retrieval},
  pages={346--360},
  year={2023},
  organization={Springer}
}

@inproceedings{raman2022structure,
  title={Structure and Semantics Preserving Document Representations},
  author={Raman, Natraj and Shah, Sameena and Veloso, Manuela},
  booktitle={Proceedings of the 45th International ACM SIGIR Conference on Research and Development in Information Retrieval},
  pages={780--790},
  year={2022}
}

@inproceedings{guo2022webformer,
  title={Webformer: Pre-training with web pages for information retrieval},
  author={Guo, Yu and Ma, Zhengyi and Mao, Jiaxin and Qian, Hongjin and Zhang, Xinyu and Jiang, Hao and Cao, Zhao and Dou, Zhicheng},
  booktitle={Proceedings of the 45th International ACM SIGIR Conference on Research and Development in Information Retrieval},
  pages={1502--1512},
  year={2022}
}