@inproceedings{distilbert2020,
  title = {DistilBERT, {A} Distilled Version of {BERT}: Smaller, Faster, Cheaper and Lighter},
  author = {Sanh, Victor and Debut, Lysandre and Chaumond, Julien and Wolf, Thomas},
  booktitle = {Advances in Neural Information Processing Systems},
  year = {2020}
}
@article{johnson2019billion,
  title={Billion-scale similarity search with {GPUs}},
  author={Johnson, Jeff and Douze, Matthijs and J{\'e}gou, Herv{\'e}},
  journal={IEEE Transactions on Big Data},
  volume={7},
  number={3},
  pages={535--547},
  year={2019},
  publisher={IEEE}
}

@inproceedings{heinzerling2021language,
  title = {Language Models as Knowledge Bases: On Entity Representations, Storage Capacity, and Paraphrased Queries},
  author = {Heinzerling, Benjamin and Inui, Kentaro},
  booktitle = {Proceedings of the 16th Conference of the European Chapter of the Association for Computational Linguistics (EACL)},
  year = {2021}
}

@inproceedings{ceccarelli2013dexter,
  title={Dexter: an open source framework for entity linking},
  author={Ceccarelli, Diego and Lucchese, Claudio and Orlando, Salvatore and Perego, Raffaele and Trani, Salvatore},
  booktitle={Proceedings of the sixth international workshop on Exploiting semantic annotations in information retrieval},
  pages={17--20},
  year={2013}
}

@article{yamada2018wikipedia2vec,
  title={Wikipedia2Vec: An efficient toolkit for learning and visualizing the embeddings of words and entities from Wikipedia},
  author={Yamada, Ikuya and Asai, Akari and Sakuma, Jin and Shindo, Hiroyuki and Takeda, Hideaki and Takefuji, Yoshiyasu and Matsumoto, Yuji},
  journal={arXiv preprint arXiv:1812.06280},
  year={2018}
}

@article{nguyen2016ms,
  title={MS MARCO: A human generated machine reading comprehension dataset},
  author={Nguyen, Tri and Rosenberg, Mir and Song, Xia and Gao, Jianfeng and Tiwary, Saurabh and Majumder, Rangan and Deng, Li},
  journal={choice},
  volume={2640},
  pages={660},
  year={2016}
}

@inproceedings{trec_dl_2019,
  title={Overview of the TREC 2019 Deep Learning Track},
  author={MacAvaney, Sean and Yates, Andrew and Feldman, Sergey and Guo, Wei and Hua, Yixing and Kenter, Tom and Nanni, Federico and Mitra, Bhaskar and Rekabsaz, Navid and Zamani, Hamed},
  booktitle={Proceedings of The 28th Text REtrieval Conference (TREC 2019)},
  year={2019}
}

@inproceedings{trec_dl_2020,
  title={Overview of the TREC 2020 Deep Learning Track},
  author={MacAvaney, Sean and Yates, Andrew and Feldman, Sergey and Guo, Wei and Hua, Yixing and Kenter, Tom and Mitra, Bhaskar and Nanni, Federico and Rekabsaz, Navid and Zamani, Hamed},
  booktitle={Proceedings of The 29th Text REtrieval Conference (TREC 2020)},
  year={2020}
}

@inproceedings{dl_hard,
  title={Overview of the TREC 2020 Deep Learning for Hard Information Retrieval (DLHARD) Track},
  author={Yates, Andrew and MacAvaney, Sean and Mitra, Bhaskar and Rekabsaz, Navid and Zamani, Hamed and Li, Chenyan and Xu, Xiang and Dai, Zhuyun and Pal, Saptarshi and Fang, Hui and others},
  booktitle={Proceedings of The 29th Text REtrieval Conference (TREC 2020)},
  year={2020}
}

@inproceedings{sun2020ernie,
  title={Ernie 2.0: A continual pre-training framework for language understanding},
  author={Sun, Yu and Wang, Shuohuan and Li, Yukun and Feng, Shikun and Tian, Hao and Wu, Hua and Wang, Haifeng},
  booktitle={Proceedings of the AAAI conference on artificial intelligence},
  volume={34},
  number={05},
  pages={8968--8975},
  year={2020}
}

@inproceedings{knrm,
  title={End-to-end neural ad-hoc ranking with kernel pooling},
  author={Xiong, Chenyan and Dai, Zhuyun and Callan, Jamie and Liu, Zhiyuan and Power, Russell},
  booktitle={Proceedings of the 40th International ACM SIGIR conference on research and development in information retrieval},
  pages={55--64},
  year={2017}
}
